<record><leader>00000cas a22000007a 4500</leader><controlfield tag="001">17545322</controlfield><controlfield tag="008">880226c19709999iauwr ne      0    0eng d</controlfield><datafield ind1=" " ind2=" " tag="010"><subfield code="a">sn 88059499 </subfield></datafield><datafield ind1=" " ind2=" " tag="040"><subfield code="a">INP</subfield><subfield code="b">eng</subfield><subfield code="c">INP</subfield><subfield code="d">OCL</subfield><subfield code="d">MN#</subfield><subfield code="d">NST</subfield><subfield code="d">MN#</subfield><subfield code="d">OCL</subfield><subfield code="d">OCLCQ</subfield><subfield code="d">OCLCO</subfield></datafield><datafield ind1=" " ind2=" " tag="012"><subfield code="b">3</subfield><subfield code="i">9009</subfield></datafield><datafield ind1=" " ind2=" " tag="019"><subfield code="a">1461072</subfield></datafield><datafield ind1="1" ind2=" " tag="029"><subfield code="a">AU@</subfield><subfield code="b">000025806749</subfield></datafield><datafield ind1=" " ind2=" " tag="042"><subfield code="a">msc</subfield></datafield><datafield ind1=" " ind2=" " tag="043"><subfield code="a">n-us-mn</subfield><subfield code="a">n-us-ia</subfield></datafield><datafield ind1=" " ind2=" " tag="052"><subfield code="a">4144</subfield><subfield code="b">A22</subfield></datafield><datafield ind1=" " ind2=" " tag="052"><subfield code="a">4143</subfield><subfield code="b">M7</subfield></datafield><datafield ind1="0" ind2="4" tag="245"><subfield code="a">The monitor review.</subfield></datafield><datafield ind1=" " ind2=" " tag="260"><subfield code="a">Stacyville, Iowa :</subfield><subfield code="b">Eugene J. Wagner,</subfield><subfield code="c">1970-</subfield></datafield><datafield ind1=" " ind2=" " tag="300"><subfield code="a">v.</subfield></datafield><datafield ind1=" " ind2=" " tag="310"><subfield code="a">Weekly</subfield></datafield><datafield ind1="0" ind2=" " tag="362"><subfield code="a">Vol. 63, no. 43 (June 4, 1970)-</subfield></datafield><datafield ind1=" " ind2=" " tag="500"><subfield code="a">Published at "Stacyville, Iowa, and Adams, Minn."</subfield></datafield><datafield ind1=" " ind2=" " tag="530"><subfield code="a">Available on microfilm from the Minnesota Historical Society.</subfield></datafield><datafield ind1=" " ind2="0" tag="651"><subfield code="a">Stacyville (Iowa)</subfield><subfield code="v">Newspapers.</subfield></datafield><datafield ind1=" " ind2="0" tag="651"><subfield code="a">Adams (Minn.)</subfield><subfield code="v">Newspapers.</subfield></datafield><datafield ind1=" " ind2=" " tag="752"><subfield code="a">United States</subfield><subfield code="b">Iowa</subfield><subfield code="c">Mitchell</subfield><subfield code="d">Stacyville.</subfield></datafield><datafield ind1=" " ind2=" " tag="752"><subfield code="a">United States</subfield><subfield code="b">Minnesota</subfield><subfield code="c">Mower</subfield><subfield code="d">Adams.</subfield></datafield><datafield ind1="0" ind2="4" tag="780"><subfield code="t">Stacyville monitor</subfield><subfield code="w">(DLC)sn 87058446</subfield></datafield><datafield ind1="0" ind2="4" tag="780"><subfield code="t">Adams review</subfield><subfield code="w">(DLC)sn 89064341</subfield><subfield code="w">(OCoLC)1461073</subfield></datafield><datafield ind1=" " ind2=" " tag="850"><subfield code="a">IaAS</subfield></datafield></record>